@article{Chen2011,
  author = {Chen, I. and Hill, J. K. and Ohlem{\"u}ller, R. and Roy, D. B. and Thomas, C. D.},
  title = {Rapid range of species associated with high levels of climate warming},
  year = 2011,
  journal = {Science},
  volume = {333},
  number = {},
  pages = {1024--1026},
  FILE = {~/Documents/papers/chen_2011.pdf},
  DOI = { http://dx.doi.org/10.1126/science.1206432 }
}

@article{Hughes2000,
  author = {Hughes, L.},
  title = {Biological consequences of global warming: is the signal already apparent?},
  year = 2000,
  journal = {Trends in Ecology and Evolution},
  volume = {15},
  number = {2},
  pages = {56--61},
  FILE = {~/Documents/papers/hughes_2000.pdf},
  DOI = { http://dx.doi.org/10.1016/S0169-5347(99)01764-4 }
}

@article{Parmesan2006,
  author = {Parmesan, C.},
  title = {Ecological and evolutionary responses to recent climate change},
  year = 2006,
  journal = {Annual Review of Ecology, Evolutio nand Systematics},
  volume = {37},
  number = {},
  pages = {637--669},
  FILE = {~/Documents/papers/parmesan_2006.pdf},
  DOI = { http://dx.doi.org/10.2307/annurev.ecolsys.37.091305.30000 }
}

@article{Colwell2008,
  author = {Colwell, R. K. and Brehm, G. and Cardel{\'u}s, C. L. and Gilman, A. C. and Longino, J. T.},
  title = {GLobal warming, elevational range shifts and lowland biotic attrition in the wet tropics},
  year = 2008,
  journal = {Science},
  volume = {322},
  number = {},
  pages = {258--261},
  FILE = {~/Documents/papers/colwell_2008.pdf},
  DOI = { http://dx.doi.org/10.1126/science.1162547 }
}

@article{Feeley2012,
  author = {Feeley, K. J. and Malhi, Y. and Zelazowski, P. and Silman, M. R.},
  title = {The relative importance of deforestation, precipitation change, and temperature sensitivity in determining the future distributions and diversity of Amazonian plant species},
  year = 2012,
  journal = {Global Change Biology},
  volume = {18},
  number = {},
  pages = {2636--2647},
  FILE = {~/Documents/papers/feeley_2012.pdf},
  DOI = { http://dx.doi.org/10.1111/j.1365-2486.2012.02719.x }
}

@article{Bellard2012,
  author = {Bellard, C. and Bertelsmeier, C. and Leadley, P. and Thuiller, W. and Courchamp, F.},
  title = {Impacts of climate change on the future of biodiversity},
  year = 2012,
  journal = {Ecology Letters},
  volume = {15},
  number = {},
  pages = {365--377},
  FILE = {~/Documents/papers/bellard_2012.pdf},
  DOI = { http://dx.doi.org/10.1111/j.1461-0248.2011.01736.x }
}

@article{Pearson2003,
  author = {Pearson, R. G. and Dawson, T. P.},
  title = {Predicting the impacts of climate change on the distribution of species: are bioclimate envelope models useful?},
  year = 2003,
  journal = {Global Ecology \& Biogeography},
  volume = {12},
  number = {},
  pages = {361--371},
  FILE = {~/Documents/papers/pearson_2003.pdf},
  DOI = { http://dx.doi.org/10.1046/j.1466-822X.2003.00042.x }
}

@article{Berry2002,
  author = {Berry, P. M. and Dawson, T. P. and Harrison, P. A. and Pearson, R. G.},
  title = {Modelling potential impacts of climate change on the bioclimatic envelope of species in Britain and Ireland},
  year = 2002,
  journal = {Global Ecology \& Biogeography},
  volume = {11},
  number = {},
  pages = {453--462},
  FILE = {~/Documents/papers/berry_2002.pdf},
  DOI = { http://dx.doi.org/10.1111/j.1466-8238.2002.00304.x }
}

@article{Peterson2002,
  author = {Peterson, A. T. and Ball, L. G. and Cohoon, K. P.},
  title = {Predicting distributions of Mexican birds using ecological niche modelling methods},
  year = 2002,
  journal = {Ibis},
  volume = {144},
  number = {},
  pages = {E27--E32},
  FILE = {~/Documents/papers/peterson_2002.pdf},
  DOI = { http://dx.doi.org/10.1046/j.0019-1019.2001.00031.x }
}

@article{Thuiller2005,
  author = {Thuiller, W. and Richardson, D. M. and Py\v{s}ek, P. and Midgley, G. F. and Hughes, G. O. and Rouget, M.},
  title = {Niche-based modelling as a tool for predicting the risk of alien plant invasions at a global scale},
  year = 2005,
  journal = {Global Change Biology},
  volume = {11},
  number = {},
  pages = {2234--2250},
  FILE = {~/Documents/papers/thuiller_2005.pdf},
  DOI = { http://dx.doi.org/10.1111/j.1365-2486.2005.01018.x }
}

@article{Araujo2006,
  author = {Ara{\'u}jo, M. B. and Thuiller, W. and Pearson, R. G.},
  title = {Climate warming and the decline of amphibians and reptiles in Europe},
  year = 2006,
  journal = {Journal of Biogeography},
  volume = {33},
  number = {},
  pages = {1712--1728},
  FILE = {~/Documents/papers/araujo_2006.pdf},
  DOI = { http://dx.doi.org/10.1111/j.1365-2699.2006.01482.x }
}

@article{Sinclair2010,
  author = {Sinclair, S. J. and White, M. D. and Newell, G. R.},
  title = {How useful are species distribution models for managing biodiversity under future climates?},
  year = 2010,
  journal = {Ecology and Society},
  volume = {15},
  number = {1},
  pages = {1--13},
  FILE = {~/Documents/papers/sinclair_2010.pdf},
  DOI = {}
}

@article{Dobson2011,
  author = {Dobson, A. and Lodge, D. and Alder, J. and Cumming, G. S. and Keymer, J. and McGlade, J. and Mooney, H. and Rusak, J. A. and Sala, O. and Wolters, V. and Wall, D. and Winfree, R. and Xenopoulos, M. A.},
  title = {Habitat loss, trophic collapse, and the decline of ecosystem services},
  year = 2006,
  journal = {Ecology},
  volume = {87},
  number = {8},
  pages = {1915--1924},
  FILE = {~/Documents/papers/dobson_2011.pdf},
  DOI = { http://dx.doi.org/10.1890/0012-9658(2006)87[1915:HLTCAT]2.0.CO;2 }
}

@article{Isbell2011,
  author = {Isbell, F. and Calcagno, V. and Hector, A. and Connolly, J. and Harpole, W. S. and Reich, P. B. and Scherer-Lorenzen, M. and Schmid, B. and Tilman, D. and {van Rujiven}, J. and Weigelt, A. and Wilsey, B. J. and Zavaleta, E. S. and Loreau, M.},
  title = {Hugh plant diversity is needed to maintain ecosystem services},
  year = 2011,
  journal = {Nature},
  volume = {477},
  number = {},
  pages = {199--203},
  FILE = {~/Documents/papers/isbell_2011.pdf},
  DOI = { http://dx.doi.org/10.1038/nature10282 }
}

@article{Jump2005,
  author = {Jump, A. S. and Pe\~{n}uelas, J.},
  title = {Running to stand still adaptation and the response of plants to rapid climate change},
  year = 2005,
  journal = {Ecology Letters},
  volume = {8},
  number = {},
  pages = {1010--1020},
  FILE = {~/Documents/papers/jump_2005.pdf},
  DOI = { http://dx.doi.org/10.1111/j.1461-0248.2005.00796.x }
}

@article{Hoffmann2011,
  author = {Hoffmann, A. A. and Sgr\`{o}, C. M.},
  title = {Climate change and evolutionary adaptation},
  year = 2011,
  journal = {Nature},
  volume = {470},
  number = {},
  pages = {479--485},
  FILE = {~/Documents/papers/hoffmann_2011.pdf},
  DOI = { http://dx.doi.org/10.1038/nature09670 }
}

@article{Davis1998,
  author = {Davis, M. A. and Wrage, K. J. and Reich, P. B.},
  title = {Competition between tree seedlings and herbaceous vegetation: support for a theory of resource supply and demand},
  year = 1998,
  journal = {Journal of Ecology},
  volume = {86},
  number = {},
  pages = {652--661},
  FILE = {~/Documents/papers/davis_1998.pdf},
  DOI = { http://dx.doi.org/10.1046/j.1365-2745.1998.00087.x }
}

@article{Putten2010,
  author = {{Van der Putten}, W. H. and Macel, M. and Visser, M. E.},
  title = {Predicting species distribution and abundance responses to climate change: why it is essential to include biotic interactions across trophic levels},
  year = 2010,
  journal = {Philosophical Transactions of the Royal Society B: Biological Sciences},
  volume = {365},
  number = {},
  pages = {2025--2034},
  FILE = {~/Documents/papers/putten_2010.pdf},
  DOI = { http://dx.doi.org/10.1098/rstb.2010.0037 }
}

@article{Ettinger2011,
  author = {Ettinger, A. K. and Ford, K. R. and {HilleRisLambers}, J.},
  title = {Climate determines upper, but not lowe, altitudinal range limits of Pacific Northwest conifers},
  year = 2011,
  journal = {Ecology},
  volume = {92},
  number = {6},
  pages = {1323-1331},
  FILE = {~/Documents/papers/ettinger_2011.pdf},
  DOI = { http://dx.doi.org/10.1890/10-1639.1 }
}

@article{Feeley2011,
  author = {Feeley, K. J. and Silman, M. R. and Bush, M. B. and Farfan, W. and Cabrera, K. G. and Malhi, Y. and Meir, P. and Revilla, N. S. and Quisiyupanqui, M. N. R. and Saatchi, S.},
  title = {Upslope migration of Andean trees},
  year = 2011,
  journal = {Journal of Biogeography},
  volume = {38},
  number = {},
  pages = {783--791},
  FILE = {~/Documents/papers/feeley_2011.pdf},
  DOI = { http://dx.doi.org/10.1111/j.1365-2699.2010.02444.x }
}

@article{Malhi2010,
  author = {Malhi, Y. and Silman, M. and Salinas, N. and Bush, M. and Meir, P. and Saatchi, S.},
  title = {Introduction: elevation gradients in the tropics: laboratories for ecosystem ecology and global change research},
  year = 2010,
  journal = {Global Change Biology},
  volume = {16},
  number = {},
  pages = {3171--3175},
  FILE = {~/Documents/papers/malhi_2010.pdf},
  DOI = { http://dx.doi.org/10.1111/j.1365-2486.2010.02323.x }
}

@article{Girardin2014,
  author = {Girardin, C. A. J. and Espejob, J. E. S. and Doughty, C. E. and Huasco, W. H. and Metcalfe, D. B. and {Durand-Baca}, L. and Marthews, T. R. and Aragao, L. E. O. C. and {Farf\`{a}n-Rios}, W. and {Garc\`{i}a-Cabrera}, K. and Halladay, K. and Fisher, J. B. and {Galiano-Cabrera}, D. F. and {Huaraca-Quispe}, L. P. and {Alzamora-Taype}, I. and {Eguiluz-Mora}, L. and {Salinas-Revilla}, N. and Silman, M. R. and Meir, P. and Malhi, Y.},
  title = {Productivity and carbon allocation in a tropical montane cloud forest in the Peruvian Andes},
  year = 2014,
  journal = {Plant Ecology \& Diversity},
  volume = {7},
  number = {1-2},
  pages = {107--123},
  FILE = {~/Documents/papers/girardin_2014.pdf},
  DOI = { http://dx.doi.org/10.1080/17550874.2013.820222 }
}

@article{Myers2000,
  author = {Myers, N. and Mittermeier, R. A. and Mittermeier, C. G. and {da Fonseca}, G. A. B. and Kent, J.},
  title = {Biodiversity hotspots for conservation priorities},
  year = 2000,
  journal = {Nature},
  volume = {403},
  number = {},
  pages = {853--858},
  FILE = {~/Documents/papers/myers_2000.pdf},
  DOI = { http://dx.doi.org/10.1038/35002501 }
}

@article{Hillyer2010,
  author = {Hillyer, R. and Silman, M. R.},
  title = {Changes in species interactions across a 2.5 km elevation gradient: effects on plant migration in response to climate change},
  year = 2010,
  journal = {Global Change Biology},
  volume = {16},
  number = {},
  pages = {3205--3214},
  FILE = {~/Documents/papers/hillyer_2010.pdf},
  DOI = { http://dx.doi.org/10.1111/j.1365-2486.2010.02268.x }
}

@article{Campbell2007,
  author = {Campbell, C. and Atkinson, L. and {Zaragoza-Castells}, J. and Lundmark, M. and Atkin, O. and Hurry, V.},
  title = {Acclimation of photosynthesis and respiration is asynchronous in response to changes in temperature regardless of plant functional group},
  year = 2007,
  journal = {New Phytologist},
  volume = {176},
  number = {},
  pages = {375--389},
  FILE = {~/Documents/papers/campbell_2007.pdf},
  DOI = { http://dx.doi.org/10.1111/j.1469-8137.2007.02183.x }
}

@article{Maxwell2000,
  author = {Maxwell, K. and Johnson, G. N.},
  title = {Chlorophyll fluorescence - a practical guide},
  year = 2000,
  journal = {Journal of Experimental Botany},
  volume = {51},
  number = {345},
  pages = {659--668},
  FILE = {~/Documents/papers/maxwell_2000.pdf},
  DOI = { http://dx.doi.org/10.1093/jexbot/51.345.659 }
}

@incollection{Hegyi1974,
  author = {Hegyi, F.},
  title = {A simulation model for managing jack-pine stands},
  booktitle = {Royal College of Forestry, editor},
  year = 1974,
  pages = {74--90},
  publisher = {Royal College of Forestry},
  address = {Stockholm, Sweden},
  FILE = {},
  DOI = {}
}

@article{Lee2004,
  author = {Lee, W. and {von Gadow}, K. and Chung, D. and Lee, J. and Shin, M.},
  title = {DBH growth model for \textit{Pinus densiflora} and \textit{Quercus variabilis} mixed forests in central Korea},
  year = 2004,
  journal = {Ecological Modelling},
  volume = {176},
  number = {},
  pages = {187--200},
  FILE = {~/Documents/papers/lee_2004.pdf},
  DOI = { http://dx.doi.org/10.1016/j.ecolmodel.2003.11.012 }
}

@article{Seifert2014,
  author = {Seifert, T. and Seifert, S. and Seydack, A. and Durrheim, G. and {von Gadow}, K.},
  title = {Competition effects in an afrotemperate forest},
  year = 2014,
  journal = {Forest Ecosystems},
  volume = {1},
  number = {13},
  pages = {1--15},
  FILE = {~/Documents/papers/seifert_2014.pdf},
  DOI = { http://dx.doi.org/10.1186/s40663-014-0013-4 }
}

@article{Grueber2011,
  author = {Gruber, C. E. and Nakagawa, S. and Laws, R. J. and Jamieson, I. G.},
  title = {Multimodel inference in ecology and evolution: challenges and solutions},
  year = 2011,
  journal = {Journal of Evolutionary Biology},
  volume = {24},
  number = {},
  pages = {699--711},
  FILE = {~/Documents/papers/grueber_2011.pdf},
  DOI = { http://dx.doi.org/10.1111/j.1420-9101.2010.02210.x }
}

@manual{arm,
  title = {arm: Data analysis using regression and multilevel/hierarchical models},
  author = {Andrew Gelman and Yu-Sung Su},
  year = {2018},
  note = {R package version 1.10-1},
  url = {https://CRAN.R-project.org/package=arm},
 }

@article{Corlett2013,
  author = {Corlett, R. T. and Westcott, D. A.},
  title = {Will plant movemenets keep up with climate change},
  year = 2013,
  journal = {Trends in Ecology \& Evolution},
  volume = {28},
  number = {8},
  pages = {482--488},
  FILE = {~/Documents/papers/corlett_2013.pdf},
  DOI = { http://dx.doi.org/10.1016/j.tree.2013.04.003 }
}

@article{McCain2011,
  author = {{McCain}, C. M. and Colwell, R. K.},
  title = {Assessing the threat to montane biodiversity from discordant shifts in temperature and precipitation in a changing climate},
  year = 2011,
  journal = {Ecology Letters},
  volume = {14},
  number = {},
  pages = {1236--1245},
  FILE = {~/Documents/papers/mccain_2011.pdf},
  DOI = { http://dx.doi.org/10.1111/j.1461-0248.2011.01695.x }
}

@article{Coomes2000,
  author = {Coomes, D. A. and Grubb, P. J.},
  title = {Impacts of root competition in forests and woodlands: a theoretical framework and review of experiments},
  year = 2000,
  journal = {Ecological Monographs},
  volume = {70},
  number = {2},
  pages = {171--207},
  FILE = {~/Documents/papers/coomes_2000.pdf},
  DOI = { http://dx.doi.org/10.1890/0012-9615(2000)070[0171:IORCIF]2.0.CO;2 }
}

@article{Akaike1992,
  author = {Akaike, H.},
  title = {Information theory and an extension of the maximum likelihood principle},
  year = 1992,
  journal = {Breakthroughs in Statistics},
  volume = {},
  number = {},
  pages = {610--624},
  FILE = {~/Documents/papers/akaike_1992.pdf},
  DOI = { http://dx.doi.org/10.1007/978-1-4612-0919-5_38 }
}

@article{Bates2015,
  author = {Bates, D. and M\"{a}chler, M. and Bolker, B. M. and Walker, S. C.},
  title = {Fitting linear mixed-effects models using lme4},
  year = 2015,
  journal = {Journal of Statistical Software},
  volume = {67},
  number = {1},
  pages = {1--48},
  FILE = {~/Documents/papers/bates_2015.pdf},
  DOI = { http://dx.doi.org/10.18637/jss.v067.i01 }
}

@manual{R2019,
  title = {R: A Language and Environment for Statistical Computing},
  author = {{R Core Team}},
  organization = {R Foundation for Statistical Computing},
  address = {Vienna, Austria},
  year = {2019},
  url = {https://www.R-project.org/},
}

@article{Lenoir2015,
  author = {Lenoir, J. and Svenning, J. C.},
  title = {Climate-related range shifts - a global multidimensional synthesis and new research directions},
  year = 2015,
  journal = {Ecography},
  volume = {38},
  number = {},
  pages = {15--28},
  FILE = {~/Documents/papers/lenoir_2015.pdf},
  DOI = { http://dx.doi.org/10.1111/ecog.00967 }
}

@article{Mantyka2012,
  author = {Mantyka, C. S. and Martin, T. G. and Rhodes, J. R.},
  title = {Interactions between climate and habitat loss effects on biodiversity: a systematic review and meta-analysis},
  year = 2012,
  journal = {Global Change Biology},
  volume = {18},
  number = {},
  pages = {1239--1252},
  FILE = {~/Documents/papers/mantyka_2012.pdf},
  DOI = { http://dx.doi.org/10.1111/j.1365-2486.2011.02593.x }
}

@article{Travis2013,
  author = {Travis, J. M. J. and Delgado, M. and Bocedi, G. and Baguette, M. and Barto\'{n}, K. and Bonte, D. and Boulangeat, I. and Hodgson, J. A. and Kubisch, A. and Penteriani, V. and Saastamoinen, M. and Stevens, V. M. and Bullock, J. M.},
  title = {Dispersal and species' responses to climate change},
  year = 2013,
  journal = {Oikos},
  volume = {122},
  number = {},
  pages = {1532--1540},
  FILE = {~/Documents/papers/travis_2013.pdf},
  DOI = { http://dx.doi.org/10.1111/j.1600-0706.2013.00399.x }
}

@article{MacLean2017,
  author = {MacLean, S. A. and Beissinger, S. R.},
  title = {Species' traits as predictors of range shifts under contemporary climate change: a review and meta-analysis},
  year = 2017,
  journal = {Global Change Biology},
  volume = {23},
  number = {},
  pages = {4094--4105},
  FILE = {~/Documents/papers/maclean_2017.pdf},
  DOI = { http://dx.doi.org/10.1111/gcb.13736 }
}

@article{Dawson2011,
  author = {Dawson, T. P. and Jackson, S. T. and House, J. I. and Prentice, I. C. and Mace, G. M.},
  title = {Beyond predictions: biodiversity conservation in a changing climate},
  year = 2011,
  journal = {Science},
  volume = {332},
  number = {},
  pages = {53--58},
  FILE = {~/Documents/papers/dawson_2011.pdf},
  DOI = { http://dx.doi.org/10.1126/science.1200303 }
}

@article{McMahon2011,
  author = {McMahon, S. M. and Harrison, S. P. and Armbruster, W. C. and Bartlein, P. J. and Beale, C. M. and Edwards, M. E. and Kattge, J. and Midgley, G. and Morin, X. and Prentice, I. C.},
  title = {Improving assessment and modelling of climate change impacts on global terrestrial biodiversity},
  year = 2011,
  journal = {Trends in Ecology and Evolution},
  volume = {26},
  number = {5},
  pages = {249--259},
  FILE = {~/Documents/papers/mcmahon_2011.pdf},
  DOI = { http://dx.doi.org/10.1016/j.tree.2011.02.012 }
}

@article{Wisz2013,
  author = {Wisz, M. S. and Pottier, J. and Kissling, W. D. and Pellissier, L. and Lenoir, J. and Damgaard, C. F. and Dormann, C. F. and Forchhammer, M. C. and Grytnes, J. and Guisan, A. and Heikkinen, R. K. and Hoye, T. T. and K{\"a}hn, I. and Luoto, M. and Maiorano, L. and Nilsson, M. and Normand, S. and {\"O}ckinger, Schmidt, N. M. and Termansen, M. and Timmermann, A. and Wardle, D. A. and Aastrup, P. and Svenning, J.},
  title = {The role of biotic interactions in shaping distributions and realised assemblages of species: implications for species distribution modelling},
  year = 2013,
  journal = {Biological Reviews},
  volume = {88},
  number = {},
  pages = {15--30},
  FILE = {~/Documents/papers/wisz_2013.pdf},
  DOI = { http://dx.doi.org/10.1111/j.1469-185X.2012.00235.x }
}

@article{Bell2014,
  author = {Bell, D. M. and Bradford, J. B. and Lauenroth, W. K.},
  title = {Early indicators of change: diversgent climate envelopes between tree life stages imply range shifts in the western United States},
  year = 2014,
  journal = {Global Ecology and Biogeography},
  volume = {23},
  number = {},
  pages = {168--180},
  FILE = {~/Documents/papers/bell_2014.pdf},
  DOI = { http://dx.doi.org/10.1111/geb.12109 }
}

@article{Lenoir2009,
  author = {Lenoir, J. and G\'{e}gout, J. and Pierrat, J. and Bontemps, J. and Dh\^{o}te, J.},
  title = {Differences between tree species seedling and adult altitudinal distribution in mountain forests during the recent warm period (1986-2006)},
  year = 2009,
  journal = {Ecography},
  volume = {32},
  number = {},
  pages = {765--777},
  FILE = {~/Documents/papers/lenoir_2009.pdf},
  DOI = { http://dx.doi.org/10.1111/j.1600-0587.2009.05791.x }
}

@article{Krause2001,
  author = {Krause, G. H. and Koroleva, O. Y. and Dalling, J. W. and Winter, K.},
  title = {Acclimation of tropical tree seedlings to excessive light in simulated tree-fall gaps},
  year = 2001,
  journal = {Plant, Cell and Environment},
  volume = {24},
  number = {},
  pages = {1245--1352},
  FILE = {~/Documents/papers/krause_2001.pdf},
  DOI = { http://dx.doi.org/10.1046/j.0016-8025.2001.00786.x }
}

@article{Matsubara2009,
  author = {Matsuraba, S. and Krause, G. H. and Aranda, J. and Virgo, J. and Beisel, K. G. and Jahns, P. and Winter, K.},
  title = {Sun-shade patterns of leaf carotenoid composition in 86 species of neotropical forest plants},
  year = 2009,
  journal = {Functional Plant Biology},
  volume = {36},
  number = {},
  pages = {20--36},
  FILE = {~/Documents/papers/matsubara_2009.pdf},
  DOI = { http://dx.doi.org/10.1071/FP08214 }
}

@article{Lewis2000,
  author = {Lewis, S. L. and Tanner, E. V. J.},
  title = {Effects of above- and belowground competition on growth and survival of rain forest tree seedlings},
  year = 2000,
  journal = {Ecology},
  volume = {81},
  number = {9},
  pages = {2525--2538},
  FILE = {~/Documents/papers/lewis_2000.pdf},
  DOI = { http://dx.doi.org/10.1890/0012-9658(2000)081[2525:EOAABC]2.0.CO;2 }
}

@article{Valladares2016,
  author = {Valladares, F. and Laanisto, L. and Niinemets, {\"U} and Zavala, M. A.},
  title = {Shedding light on shade: ecological perspectives of understorey plant life},
  year = 2016,
  journal = {Plant Ecology \& Diversity},
  volume = {9},
  number = {3},
  pages = {237--251},
  FILE = {~/Documents/papers/valladares_2016.pdf},
  DOI = { http://dx.doi.org/10.1080/17550874.2016.1210262 }
}

@incollection{Prado2012,
  author = {Prado, F. E. and Rosa, M. and Prado, C. and Podazza, G. and Interdonato, R. and Gonz\'{a}lez, J. A. and Hilal, M.},
  editor = {Ahmad, P. and Prasad, M.},
  title = {UV-B radiation, its effects and defense mechanisms in terrestrial plants},
  booktitle = {Environmental Adaptations and Stress Tolerance of Plants in the Era of Climate Change},
  year = 2012,
  pages = {57--83},
  publisher = {Springer},
  address = {New York, USA},
  FILE = {~/Documents/papers/prado_2012.pdf},
  DOI = { http://dx.doi.org/10.1007/978-1-4614-0815-4_3 }
}

@article{Martin2010,
  author = {Martin, P. H. and Fahey, T. J. and Sherman, R. E.},
  title = {Vegetation zonation in a neotropical montane forest: environment, disturbance and ecotones},
  year = 2010,
  journal = {Biotropica},
  volume = {43},
  number = {5},
  pages = {533--543},
  FILE = {~/Documents/papers/martin_2010.pdf},
  DOI = { http://dx.doi.org/10.1111/j.1744-7429.2010.00735.x }
}

@article{Serrano2008,
  author = {Serrano, L.},
  title = {Effects of leaf structure on reflectance estimates of chlorophyll content},
  year = 2008,
  journal = {International Journal of Remote Sensing},
  volume = {29},
  number = {},
  pages = {17--18},
  FILE = {~/Documents/papers/serrano_2008.pdf},
  DOI = { http://dx.doi.org/10.1080/01431160802036359 }
}

@article{Coste2010,
  author = {Coste, S. and Baraloto, C. and Leroy, C. and Marcon, {\'E}. and Renaud, A. and Richardson, A. D. and Roggy, J. and Schimann, H. and Uddling, J. and H\'{e}rault, B.},
  title = {Assessing foliar chlorophyll contents with the SPAD-502 chlorophyll meter: a calibration test with thirteen tree species of tropical rainforest in French Guiana},
  year = 2010,
  journal = {Annals of Forest Science},
  volume = {67},
  number = {6},
  pages = {607--607},
  FILE = {~/Documents/papers/coste_2010.pdf},
  DOI = { http://dx.doi.org/10.1051/forest/2010020 }
}

@article{Schneider2012,
  author = {Schneider, C. A. and Rasband, W. S. and Eliceiri, K. W.},
  title = {NIH Image to ImageJ: 25 years of Image Analysis},
  year = 2012,
  journal = {Nat Methods},
  volume = {9},
  number = {7},
  pages = {671--675},
  FILE = {~/Documents/papers/schneider_2012.pdf},
  DOI = { http://dx.doi.org/10.1038/nmeth.2089 }
}

@manual{hemiphot,
  title = {Hemiphot.R: Free R scripts to analyse hemispherical photographs for canopy openness, leaf area index and photosynthetic active radiation under forest canopies},
  author = {{ter Steege}, H.},
  year = {2018},
  note = {Unpublished report},
  publisher = {Naturalis Biodiversity Center},
  address = {Leiden, The Netherlands},
  url = {https://github.com/Naturalis/Hemiphot}
 }

@article{Bolker2008,
  author = {Bolker, B. M. and Brooks, M. E. and Clark, C. J. and Geange, S. W. and Poulsen, J. R. and Stevens, M. H. H. and White, J. S.},
  title = {Generalized linear mixed models: a practical guide for ecology and evolution},
  year = 2008,
  journal = {Trends in Ecology and Evolution},
  volume = {24},
  number = {3},
  pages = {127--135},
  file = {~/documents/papers/bolker_2008.pdf},
  doi = { http://dx.doi.org/10.1016/j.tree.2008.10.008 }
}

@manual{MuMIn,
title = {MuMIn: Multi-Model Inference},
author = {Kamil Bartoń},
year = {2019},
note = {R package version 1.43.6},
url = {https://CRAN.R-project.org/package=MuMIn},
}

@article{Genty1989,
  author = {Genty, B. and Briantais, J. and Baker, N. R.},
  title = {The relationship between the quantum yield of photosynthetic electron transport and quenching of chlorophyll fluorescence},
  year = 1989,
  journal = {Biochimica et Biophysica Acta},
  volume = {990},
  number = {},
  pages = {87--92},
  FILE = {~/Documents/papers/genty_1989.pdf},
  DOI = { http://dx.doi.org/10.1016/S0304-4165(89)80016-9 }
}

@article{Whitaker2014,
  author = {Whitaker, J. and Ostle, N. and Nottingham, A. T. and Ccahuana, A. and Salinas, N. and Bardgett, R. D. and Meir, P. and {McNamara}, N. P.},
  title = {Microbial community composition explains soil respiration responses to changing carbon inputs along an Andes-to-Amazon elevation gradient},
  year = 2014,
  journal = {Journal of Ecology},
  volume = {102},
  number = {},
  pages = {1052--1071},
  FILE = {~/Documents/papers/whitaker_2014.pdf},
  DOI = { http://dx.doi.org/10.1111/1365-2745.12247 }
}

@article{Frazer2001,
  author = {Frazer, G. W. and Fournier, R. A. and Trofymow, J. A. and Hall, R. J.},
  title = {A comparison of digital and film fisheye photography for analysis of forest canopy structure and gap light transmission},
  year = 2001,
  journal = {Agricultural and Forest Meteorology},
  volume = {109},
  number = {},
  pages = {249--263},
  FILE = {~/Documents/papers/frazer_2001.pdf},
  DOI = { http://dx.doi.org/10.1016/S0168-1923(01)00274-X }
}

@article{Jupp2009,
  author = {Jupp, D. L. B. and Culvenor, D. S. and Lovell, J. L. and Newnham, G. J. and Strahler, A. H. and Woodcock, C. E.},
  title = {Estimating forest LAI profiles and structural parameters using a ground-based laser called `Echidna'},
  year = 2008,
  journal = {Tree Physiology},
  volume = {29},
  number = {},
  pages = {171--181},
  FILE = {~/Documents/papers/jupp_2009.pdf},
  DOI = { http://dx.doi.org/10.1093/treephys/tpn022 }
}

@article{Jonckheere2004,
  author = {Jonckheere, I. and Fleck, S. and Nackaerts, K. and Muys, B. and Coppin, P. and Weiss, M. and Baret, F.},
  title = {Review of methods for in situ leaf area index determination Part I. Theories, sensors and hemispherical photography},
  year = 2004,
  journal = {Agricultural and Forest Meteorology},
  volume = {121},
  number = {},
  pages = {19--35},
  FILE = {~/Documents/papers/jonckheere_2004.pdf},
  DOI = { http://dx.doi.org/10.1016/j.agrformet.2003.08.027 }
}

Gadow, K. V. & Hui, G. (1999), Modelling Forest Development, Springer Netherlands.

@book{Gadow1999,
  author = {Gadow, K. V. and Hui, G.},
  title = {Modelling Forest Development},
  year = 1999,
  publisher = {Springer},
  address = {The Netherlands},
  FILE = {~/Documents/papers/},
  DOI = { http://dx.doi.org/10.1007/978-94-011-4816-0 }
}

@article{Li2010,
  author = {Li, F. and Peng, S. and Chen, B. and Hou, Y.},
  title = {A meta-analysis of the responses of woody and herbaceous plants to elevated ultraviolet-B radiation},
  year = 2010,
  journal = {Acta Oecologia},
  volume = {36},
  number = {},
  pages = {1--9},
  FILE = {~/Documents/papers/li_2010.pdf},
  DOI = { http://dx.doi.org/10.1016/j.actao.2009.09.002 }
}

@article{Gibson-Reinemer2015,
  author = {Gibson-Reinemer, D. K. and Sheldon, K. S. and Rahel, F. J.},
  title = {CLimate change creates rapid species turnover in montane communities},
  year = 2015,
  journal = {Ecology and Evolution},
  volume = {5},
  number = {12},
  pages = {2340--2347},
  FILE = {~/Documents/papers/gibson-reinemer_2015.pdf},
  DOI = { http://dx.doi.org/10.1002/ece3.1518 }
}

@article{Lenoir2010,
  author = {Lenoir, J. and G{\'e}gout, J. and Guisan, A. and Vittoz, P. and Wohlgemuth, T. and Zimmermann, N. E. and Dullinger, S. and Pauli, H. and Willner, W. and Svenning, J.},
  title = {Going against the flow: potential mechanis,s for unexpected downslope range shifts in a warming climate},
  year = 2010,
  journal = {Ecography},
  volume = {33},
  number = {},
  pages = {295--303},
  FILE = {~/Documents/papers/lenoir_2010.pdf},
  DOI = { http://dx.doi.org/10.1111/j.1600-0587.2010.06279.x }
}

@article{Hobbs2009,
  author = {Hobbs, R. J. and Higgs, E. and Harris, J. A.},
  title = {Novel ecosystems: implications for conservation and restoration},
  year = 2009,
  journal = {Trends in Ecology and Evolution},
  volume = {24},
  number = {11},
  pages = {599--605},
  FILE = {~/Documents/papers/hobbs_2009.pdf},
  DOI = { http://dx.doi.org/10.1016/j.tree.2009.05.012 }
}

@article{Vuille2015,
  author = {Vuille, M. and Franquist, E. and Garreaud, R. and Casimiro, W. S. L. and C{\'a}ceres, B.},
  title = {Impact of the global warming hiatus on Andean temperature},
  year = 2015,
  journal = {Journal of Geophysical Research: Atmospheres},
  volume = {120},
  number = {},
  pages = {3745--3757},
  FILE = {~/Documents/papers/vuille_2015.pdf},
  DOI = { http://dx.doi.org/10.1002/ 2015JD023126 }
}


@article{Magrin2014,
  author = {Magrin, G. O. and Marengo, J. A. and Boulanger, J. and Buckeridge, M. S. and Castellano, E. and Poveda, G. and Scarano, F. R. and Vicu{\~n}a, S.},
  title = {Central and South America},
  booktitle = {Climate Change 2014: Impacts, adaptation, and vulnerability. Part B: Regional Aspects. Contribution of Working Group II to the Fifth Assessment Report of the Intergovernmental Panel on Climate Change},
  year = 2014,
  FILE = {~/Documents/papers/magrin_2014.pdf},
  DOI = { http://dx.doi.org/ }
}

@incollection{Marengo2011,
  author = {Marengo, J. A. and Pab{\'o}n, J. and D{\'i}az, A. and Rosas, G. and {\'A}valos, G. and Montealegre, E. and Villacis, M. and Solman, S. and Rojas, M.},
  editor = {Herzog, S. K. and Martinez, R. and J{\o}rgensen, P. M. and Tiessen, H.},
  title = {Climate Change: Evidence and future scenarios for the Andean region},
  booktitle = {Climate change and Biodiversity in the Tropical Andes},
  year = 2011,
  pages = {110--127},
  publisher = {Inter-American Institute for Bloal Change Research (IAI) and Scientific Committee on Problems of the Environment (SCOPE)},
  address = {},
  FILE = {~/Documents/papers/marengo_2011.pdf},
  DOI = { http://dx.doi.org/ }
}

@article{Valladares2008,
  author = {Valladares, F. and Niinemets, {\"U}},
  title = {Shade tolerance, a key plant feature of complex nature and consequences},
  year = 2008,
  journal = {Annual Reivew of Ecology, Evolution and Systematics},
  volume = {39},
  number = {},
  pages = {237--257},
  FILE = {~/Documents/papers/valladares_2008.pdf},
  DOI = { http://dx.doi.org/10.1146/annurev.ecolsys.39.110707.173506 }
}

@article{Nicotra2010,
  author = {Nicotra, A. B. and Atkin, O. K. and Bonser, S. P. and Davidson, A. M. and Finnegan, E. J. and Mathesius, U. and Poot, P. Purugganan, M. D. and Richards, C. L. and Valladares, F. and {van Kleunen}, M.},
  title = {Plant phenotypic plasticity in a changing climate},
  year = 2010,
  journal = {Trends in Plant Science},
  volume = {15},
  number = {12},
  pages = {684--692},
  FILE = {~/Documents/papers/nicotra_2010.pdf},
  DOI = { http://dx.doi.org/10.1016/j.tplants.2010.09.008 }
}

@article{Lyons2005,
  author = {Lyons, K. G. and Brigham, C. A. and Traut, B. H. and Schwartz, M. W.},
  title = {Rare species and ecosystem functioning},
  year = 2005,
  journal = {Conservation Biology},
  volume = {19},
  number = {},
  pages = {1019--1024},
  FILE = {~/Documents/papers/lyons_2005.pdf},
  DOI = { http://dx.doi.org/10.1111/j.1523-1739.2005.00106.x }
}

@article{Mouillot2013,
  author = {Mouillot, D. and Bellwood, D. R. and Baraloto, C. and Chave, J. and Galzin, R. and Harmelin-Vivien, M. and Kulbicki, M. and Lavergne, S. and Lavorel, S. and Mouquet, N. and Pain, C. E. T. and Renaud, J. and Thuiller, W.},
  title = {Rare species support vulnerable functions in high-diversity ecosystems},
  year = 2013,
  journal = {PLoS Biology},
  volume = {11},
  number = {5},
  pages = {1--11},
  FILE = {~/Documents/papers/mouillot_2013.pdf},
  DOI = { http://dx.doi.org/10.1371/journal.pbio.1001569 }
}

@article{Boulangeat2012,
  author = {Boulangeat, I. and Lavergne, S. and {Van Es}, J. and Garraud, L. and Thuiller, W.},
  title = {Niche breadth, rarity and ecological characteristics within a regional flora spanning large environmental gradients},
  year = 2012,
  journal = {Journal of Biogeography},
  volume = {39},
  number = {},
  pages = {204--214},
  FILE = {~/Documents/papers/boulangeat_2012.pdf},
  DOI = { http://dx.doi.org/10.1111/j.1365-2699.2011.02581.x }
}

@article{Lyons2001,
  author = {Lyons, K. G. and Schwartz, M. W.},
  title = {Rare species loss alters ecosystem function - invasion resistance},
  year = 2001,
  journal = {Ecology Letters},
  volume = {4},
  number = {},
  pages = {358--265},
  FILE = {~/Documents/papers/lyons_2001.pdf},
  DOI = { http://dx.doi.org/10.1046/j.1461-0248.2001.00235.x }
}

@article{Ledo2012,
  author = {Ledo, A. and Cond{\'e}s, S. and Alberdi, I.},
  title = {Forest biodiversity assessment in Peruvian Andean montane cloud forest},
  year = 2012,
  journal = {Journal of Mountain Science},
  volume = {9},
  number = {},
  pages = {372--384},
  FILE = {~/Documents/papers/ledo_2012.pdf},
  DOI = { http://dx.doi.org/10.1007/s11629-009-2172-2 }
}

@article{Klimas2012,
  author = {Klimas, C. A. and Kainer, K. A and Waft, L. H. and Staudhammer, C. L. and Rigamonte-Azevedo, V. and Correia, M. F. and Lima, L. M. S.},
  title = {Control of \textit{Carapa guianensis} phenology and seed production at multiple scales: a five-year study exploring the influences of tree attributes, habitat heterogeneity and climate cues},
  year = 2012,
  journal = {Journal of Tropical Ecology},
  volume = 28},
  number = {},
  pages = {105--118},
  FILE = {~/Documents/papers/klimas_2012.pdf},
  DOI = { http://dx.doi.org/10.1017/S0266467411000630 }
}

@article{Muller-Landau2010,
  author = {Muller-Landau, H. C.},
  title = {The tolerance-fecundity trade-off and the maintenance of diversity in seed size},
  year = 2010,
  journal = {Proceedings of the National Academy of Sciences},
  volume = {107},
  number = {9},
  pages = {4242--4247},
  FILE = {~/Documents/papers/muller-landau_2010.pdf},
  DOI = { http://dx.doi.org/10.1073/pnas.0911637107 }
}

@article{Lewis2011,
  author = {Lewis, S. L. and Brando, P. M. and Phillips, O. L. and {van der Heijden}, G. and Nepstad, D.},
  title = {The 2010 Amazon drought},
  year = 2011,
  journal = {Science},
  volume = {331},
  number = {6017},
  pages = {554},
  FILE = {~/Documents/papers/lewis_2011.pdf},
  DOI = { http://dx.doi.org/10.1126/science.1200807 }
}


